@ARTICLE{2,
author = {Pirotti, Francesco and Sunar, Filiz and Piragnolo, M.},
year = {2016},
month = {06},
pages = {335-340},
title = {BENCHMARK OF MACHINE LEARNING METHODS FOR CLASSIFICATION OF A SENTINEL-2 IMAGE},
volume = {XLI-B7},
journal = {ISPRS - International Archives of the Photogrammetry, Remote Sensing and Spatial Information Sciences},
doi = {10.5194/isprsarchives-XLI-B7-335-2016}
}

